% Encoding: UTF-8

@InBook{Albert,
  title     = {Voces: {A}ntolog\'ia de narrativa catalana contempor\'anea},
  publisher = {Anagrama},
  year      = {2010},
  author    = {Albert S\'anchez Pi{\~n}ol},
  editor    = {Lolita Bosch},
  address   = {Barcelona},
  isbn      = {9788433972170},
  note      = {Cuando ca\'ian hombres de la {L}una. P\'aginas 57-67},
  ean       = {9788433972170},
  pagetotal = {352},
  url       = {http://www.ebook.de/de/product/13233679/voces.html},
}

@ONLINE{Ruben,
author = {Rub\'en Aguilar Valenzuela},
title = {Violencia en {A}m√©rica {L}atina},
year = {2016},
url = {http://eleconomista.com.mx/columnas/columna-especial-politica/2016/10/18/violencia-america-latina},
}

@Comment{jabref-meta: databaseType:bibtex;}
