% Encoding: UTF-8

@Book{Bosch,
  title     = {Tres historias europeas},
  publisher = {Caballo de Troya},
  year      = {2005},
  author    = {Lolita Bosch},
  address   = {Madrid},
  isbn      = {84-934195-4-0},
}

@Comment{jabref-meta: databaseType:bibtex;}
