@Book{SAPAG2007,
author = {Nassir Sapag},
title = {Criterios de Evaluaci\'on de Proyectos},
publisher = {McGraw-Hill},
year = {2007}
}
@Book{BACA2006,
author = {Gabriel Baca},
title = {Evaluaci\'on de Proyectos},
publisher = {McGraw-Hill},
year = {2006}
}
@Misc{GARCIA2010,
author = {Jaylimar Garc\'ia},
title = {Tipos de Estructuras Organizacionales},
howpublished = {\url{http://www.monografias.com/trabajos101/tipos-estructuras-organizacionales/tipos-estructuras-organizacionales.shtml}},
year = {2010}
}
@Book{Meysenbug2001,
author = {V. Meysenbug},
title = {Tecnologías de plásticos para ingenieros},
publisher = {Editorial Hispano Europa},
year = {2001},
address = {Munich}
}
@Book{Salvatore1996,
author = {D. Salvatore},
title = {Microeconom\'ia},
publisher = {Editorial Mc Graw Hill},
year = {1996},
address = {M\'exico DF}
}




